
@inproceedings{bettenburg2008makes,
  title={What makes a good bug report?},
  author={Bettenburg, Nicolas and Just, Sascha and Schr{\"o}ter, Adrian and Weiss, Cathrin and Premraj, Rahul and Zimmermann, Thomas},
  booktitle={Proc. of the Int'l Symp. on Foundations of Software Engineering},
  pages={308--318},
  year={2008},
  organization={ACM}
}

@book{raymond2001cathedral,
  title={The Cathedral \& the Bazaar: Musings on linux and open source by an accidental revolutionary},
  author={Raymond, Eric S},
  year={2001},
  publisher={" O'Reilly Media, Inc."}
}

@inproceedings{hooimeijer2007modeling,
  title={Modeling bug report quality},
  author={Hooimeijer, Pieter and Weimer, Westley},
  booktitle={Proc. of the Int'l Conf. on Automated Software Engineering},
  pages={34--43},
  year={2007},
  organization={ACM}
}


@inproceedings{bird2010linkster,
  title={Linkster: enabling efficient manual inspection and annotation of mined data},
  author={Bird, Christian and Bachmann, Adrian and Rahman, Foyzur and Bernstein, Abraham},
  booktitle={Proceedings of the eighteenth ACM SIGSOFT international symposium on Foundations of software engineering},
  pages={369--370},
  year={2010},
  organization={ACM}
}

@article{mockus2002two,
  title={Two case studies of open source software development: Apache and Mozilla},
  author={Mockus, Audris and Fielding, Roy T and Herbsleb, James D},
  journal={ACM Transactions on Software Engineering and Methodology (TOSEM)},
  volume={11},
  number={3},
  pages={309--346},
  year={2002},
  publisher={ACM}
}

@inproceedings{bissyande2013got,
  title={Got issues? who cares about it? a large scale investigation of issue trackers from github},
  author={Bissyand{\'e}, Tegawend{\'e} F and Lo, David and Jiang, Lingxiao and R{\'e}veillere, Laurent and Klein, Jacques and Le Traon, Yves},
  booktitle={Software Reliability Engineering (ISSRE), 2013 IEEE 24th International Symposium on},
  pages={188--197},
  year={2013},
  organization={IEEE}
}


@misc{bsl,
  author = {{Jackett}},
  title = {{Issue:Add support for proxy configuration to the GUI}},
  howpublished = {\url{https://www.bountysource.com/issues/25924774}},
  note = {(last visited: Oct 16, 2017)},
  year = {2017}
}

@misc{ghwl,
  author = {{Wikipedia}},
  title = {{GitHub Wikipedia}},
  howpublished = {\url{https://en.wikipedia.org/wiki/GitHub}},
  note = {(last visited: Oct. 16, 2017)},
  year = {2017}
}
@misc{bsweb,
  author = {{BountySource}},
  title = {{BountySource}},
  howpublished = {\url{https://www.bountysource.com}},
  note = {(last visited: Nov 14, 2017)},
  year = {2017}
}

@inproceedings{romano2006appropriate,
  title={Appropriate statistics for ordinal level data: Should we really be using t-test and {Cohen's} d for evaluating group differences on the {NSSE} and other surveys},
  author={Romano, Jeanine and Kromrey, Jeffrey D and Coraggio, Jesse and Skowronek, Jeff},
  booktitle={Annual meeting of the Florida Association of Institutional Research},
  pages={1--33},
  year={2006}
}


@misc{ibmteamweb,
  author = {{BountySource}},
  title = {{Homepage of IBM in Bountysource}},
  howpublished = {\url{https://www.bountysource.com/teams/ibm}},
  note = {(last visited: Dec 17, 2017)},
  year = {2017}
}

@misc{bsintroduction,
  author = {{BountySource}},
  title = {{CanYa acquires majority stake in Bountysource}},
  howpublished = {\url{https://blog.canya.com.au/2017/12/20/canya-acquires-majority-stake-in-bountysource-adds-over-46000-users/}},
  note = {(last visited: Dec 29, 2017)},
  year = {2017}
}

@inproceedings{thongtanunam2016revisiting,
  title={Revisiting code ownership and its relationship with software quality in the scope of modern code review},
  author={Thongtanunam, Patanamon and McIntosh, Shane and Hassan, Ahmed E and Iida, Hajimu},
  booktitle={2016 IEEE/ACM 38th International Conference on Software Engineering (ICSE)},
  pages={1039--1050},
  year={2016},
  organization={IEEE}
}

@book{han2011data,
  title={Data mining: concepts and techniques},
  author={Han, Jiawei and Pei, Jian and Kamber, Micheline},
  year={2011},
  publisher={Elsevier}
}

@incollection{refaeilzadeh2009cross,
  title={Cross-validation},
  author={Refaeilzadeh, Payam and Tang, Lei and Liu, Huan},
  booktitle={Encyclopedia of database systems},
  pages={532--538},
  year={2009},
  publisher={Springer}
}

@article{tantithamthavorn2017empirical,
  title={An empirical comparison of model validation techniques for defect prediction models},
  author={Tantithamthavorn, Chakkrit and McIntosh, Shane and Hassan, Ahmed E and Matsumoto, Kenichi},
  journal={IEEE Transactions on Software Engineering},
  volume={43},
  number={1},
  pages={1--18},
  year={2017},
  publisher={IEEE}
}

@article{long2003ordinal,
  title={Ordinal analysis of behavioral data},
  author={Long, Jeffrey D and Feng, Du and Cliff, Norman},
  journal={Handbook of psychology},
  year={2003},
  publisher={Wiley Online Library}
}




@article{zhao2017devising,
  title={Devising effective policies for bug-bounty platforms and security vulnerability discovery},
  author={Zhao, Mingyi and Laszka, Aron and Grossklags, Jens},
  journal={Journal of Information Policy},
  volume={7},
  pages={372--418},
  year={2017},
  publisher={JSTOR}
}

@inproceedings{hata2017understanding,
 author = {Hata, Hideaki and Guo, Mingyu and Babar, M. Ali},
 title = {Understanding the Heterogeneity of Contributors in Bug Bounty Programs},
 booktitle = {Proc. of the ACM/IEEE Int'l Symp. on Empirical Software Engineering and Measurement},
 year = {2017},
 pages = {223--228}
} 



@inproceedings{kanda2017towards,
  title={Towards understanding an open-source bounty: Analysis of {B}ountysource},
  author={Kanda, Tetsuya and Guo, Mingyu and Hata, Hideaki and Matsumoto, Kenichi},
  booktitle={Int'l Conf. on Software Analysis, Evolution and Reengineering},
  pages={577--578},
  year={2017},
  organization={IEEE}
}
@article{tantithamthavorn2017empirical,
  title={An empirical comparison of model validation techniques for defect prediction models},
  author={Tantithamthavorn, Chakkrit and McIntosh, Shane and Hassan, Ahmed E and Matsumoto, Kenichi},
  journal={IEEE Transactions on Software Engineering},
  volume={43},
  number={1},
  pages={1--18},
  year={2017},
  publisher={IEEE}
}
@book{wheeler1992understanding,
  title={Understanding statistical process control},
  author={Wheeler, Donald J and Chambers, David Smith and others},
  year={1992},
  publisher={SPC press}
}
@article{eisenhauer2009explanatory,
  title={Explanatory power and statistical significance},
  author={Eisenhauer, Joseph G},
  journal={Teaching Statistics},
  volume={31},
  number={2},
  pages={42--46},
  year={2009},
  publisher={Wiley Online Library}
}

@article{hanley1982meaning,
  title={The meaning and use of the area under a receiver operating characteristic (ROC) curve.},
  author={Hanley, James A and McNeil, Barbara J},
  journal={Radiology},
  volume={143},
  number={1},
  pages={29--36},
  year={1982}
}

@misc{rocwiki,
  author = {{Wikipedia}},
  title = {{Receiver operating characteristic}},
  howpublished = {\url{https://en.wikipedia.org/wiki/Receiver_operating_characteristic}},
  note = {(last visited: Mar 21, 2018)},
  year = {2018}
}

@article{lakhani2003hackers,
  title={Why hackers do what they do: Understanding motivation and effort in free/open source software projects},
  author={Lakhani, Karim R and Wolf, Robert G},
  year={2003}
}
@inproceedings{finifter2013empirical,
  title={An Empirical Study of Vulnerability Rewards Programs.},
  author={Finifter, Matthew and Akhawe, Devdatta and Wagner, David},
  booktitle={USENIX Security Symp.},
  pages={273--288},
  year={2013}
}
@article{jelihovschi2014scottknott,
  title={ScottKnott: a package for performing the Scott-Knott clustering algorithm in R},
  author={Jelihovschi, Enio G and Faria, Jos{\'e} Cl{\'a}udio and Allaman, Ivan Bezerra},
  journal={TEMA (S{\~a}o Carlos)},
  volume={15},
  number={1},
  pages={3--17},
  year={2014},
  publisher={SciELO Brasil}
}


@misc{PierreQuentelagainstbounty,
  author = {{Pierre Quentel}},
  title = {{A GitHub comment about refusing the bounty}},
  howpublished = {\url{https://github.com/brython-dev/brython/issues/680\#issuecomment-330474874}},
  note = {(last visited: Apr 29, 2018)},
  year = {2018}
}

@misc{oparozRemindBounty,
  author = {{Olivier Paroz}},
  title = {{A GitHub comment for reminding the developer to collect a bounty}},
  howpublished = {\url{https://github.com/owncloud/gallery/issues/160\#issuecomment-120555791}},
  note = {(last visited: Apr 29, 2018)},
  year = {2018}
}

@inproceedings{nakasai2017analysis,
  title={Analysis of donations in the eclipse project},
  author={Nakasai, Keitaro and Hata, Hideaki and Onoue, Saya and Matsumoto, Kenichi},
  booktitle={Empirical Software Engineering in Practice (IWESEP), 2017 8th International Workshop on},
  pages={18--22},
  year={2017},
  organization={IEEE}
}
@inproceedings{treude2011programmers,
  title={How do programmers ask and answer questions on the web?: Nier track},
  author={Treude, Christoph and Barzilay, Ohad and Storey, Margaret-Anne},
  booktitle={Software Engineering (ICSE), 2011 33rd International Conference on},
  pages={804--807},
  year={2011},
  organization={IEEE}
}
@inproceedings{ponzanelli2014understanding,
  title={Understanding and classifying the quality of technical forum questions},
  author={Ponzanelli, Luca and Mocci, Andrea and Bacchelli, Alberto and Lanza, Michele},
  booktitle={Quality Software (QSIC), 2014 14th International Conference on},
  pages={343--352},
  year={2014},
  organization={IEEE}
}
@article{wang2017understanding,
  title={Understanding the factors for fast answers in technical {Q\&A} websites},
  author={Wang, Shaowei and Chen, Tse-Hsun and Hassan, Ahmed E},
  journal={Empirical Software Engineering},
  pages={1--42},
  year={2017},
  publisher={Springer}
}
@article{mcintosh2016empirical,
  title={An empirical study of the impact of modern code review practices on software quality},
  author={McIntosh, Shane and Kamei, Yasutaka and Adams, Bram and Hassan, Ahmed E},
  journal={Empirical Software Engineering},
  volume={21},
  number={5},
  pages={2146--2189},
  year={2016},
  publisher={Springer}
}
@inproceedings{chen2012explaining,
  title={Explaining software defects using topic models},
  author={Chen, Tse-Hsun and Thomas, Stephen W and Nagappan, Meiyappan and Hassan, Ahmed E},
  booktitle={Proceedings of the 9th IEEE Working Conference on Mining Software Repositories},
  pages={189--198},
  year={2012},
  organization={IEEE Press}
}
@book{freedman2009statistical,
  title={Statistical models: theory and practice},
  author={Freedman, David A},
  year={2009},
  publisher={cambridge university press}
}


@article{bezroukov1999open,
  title={Open source software development as a special type of academic research: Critique of vulgar Raymondism},
  author={Bezroukov, Nikolai},
  journal={First Monday},
  volume={4},
  number={10},
  year={1999}
}

@book{Torvalds:2001,
 author = {Torvalds, Linus and Diamond, David},
 title = {Just for Fun: The Story of an Accidental Revolutionary},
 year = {2001},
 isbn = {0066620724},
 publisher = {HarperInformation},
}

@article{efron1986biased,
  title={How biased is the apparent error rate of a prediction rule?},
  author={Efron, Bradley},
  journal={Journal of the American Statistical Association},
  volume={81},
  number={394},
  pages={461--470},
  year={1986},
  publisher={Taylor \& Francis}
}

@article{cohenkappa,
  title={Inter-rater reliability: dependency on trait prevalence and marginal homogeneity},
  author={Gwet, Kilem and others},
  journal={Statistical Methods for Inter-Rater Reliability Assessment Series},
  volume={2},
  pages={1--9},
  year={2002}
}


@book{Harrell:2006,
 author = {Harrell,Jr., Frank E.},
 title = {Regression Modeling Strategies},
 year = {2006},
 isbn = {0387952322},
 publisher = {Springer-Verlag New York, Inc.},
 address = {Secaucus, NJ, USA}
}

@incollection{krishnamurthy2006bounty,
  title={Bounty programs in free/libre/open source software},
  author={Krishnamurthy, Sandeep and Tripathi, Arvind K},
  booktitle={The Economics of Open Source Software Development},
  pages={165--183},
  year={2006},
  publisher={Elsevier}
}


@inproceedings{bissyande2013got,
  title={Got issues? who cares about it? a large scale investigation of issue trackers from github},
  author={Bissyand{\'e}, Tegawend{\'e} F and Lo, David and Jiang, Lingxiao and R{\'e}veillere, Laurent and Klein, Jacques and Le Traon, Yves},
  booktitle={Software Reliability Engineering (ISSRE), 2013 IEEE 24th International Symp. on},
  pages={188--197},
  year={2013},
  organization={IEEE}
}

@inproceedings{sheoran2014understanding,
  title={Understanding watchers on GitHub},
  author={Sheoran, Jyoti and Blincoe, Kelly and Kalliamvakou, Eirini and Damian, Daniela and Ell, Jordan},
  booktitle={Proceedings of the 11th Working Conference on Mining Software Repositories},
  pages={336--339},
  year={2014},
  organization={ACM}
}


@inproceedings{laszka2016banishing,
  title={Banishing misaligned incentives for validating reports in bug-bounty platforms},
  author={Laszka, Aron and Zhao, Mingyi and Grossklags, Jens},
  booktitle={European Symp. on Research in Computer Security},
  pages={161--178},
  year={2016},
  organization={Springer}
}
@inproceedings{zhao2014exploratory,
  title={An exploratory study of white hat behaviors in a web vulnerability disclosure program},
  author={Zhao, Mingyi and Grossklags, Jens and Chen, Kai},
  booktitle={Proc. of the Workshop on Security Information Workers},
  pages={51--58},
  year={2014},
  organization={ACM}
}
@article{maillart2017given,
  title={Given enough eyeballs, all bugs are shallow? {Revisiting Eric Raymond with bug bounty programs}},
  author={Maillart, Thomas and Zhao, Mingyi and Grossklags, Jens and Chuang, John},
  journal={Journal of Cybersecurity},
  volume={3},
  number={2},
  pages={81--90},
  year={2017},
  publisher={Oxford University Press}
}
@article{bagozzi2006open,
  title={Open source software user communities: A study of participation in Linux user groups},
  author={Bagozzi, Richard P and Dholakia, Utpal M},
  journal={Management science},
  volume={52},
  number={7},
  pages={1099--1115},
  year={2006},
  publisher={INFORMS}
}
@article{hendry2008public,
  title={Public participation in proprietary software development through user roles and discourse},
  author={Hendry, David G},
  journal={International Journal of Human-Computer Studies},
  volume={66},
  number={7},
  pages={545--557},
  year={2008},
  publisher={Elsevier}
}
@article{iivari2009empowering,
  title={Empowering the users? A critical textual analysis of the role of users in open source software development},
  author={Iivari, Netta},
  journal={AI \& society},
  volume={23},
  number={4},
  pages={511},
  year={2009},
  publisher={Springer}
}
@inproceedings{hosseini2012market,
  title={A market-based bug allocation mechanism using predictive bug lifetimes},
  author={Hosseini, Hadi and Nguyen, Raymond and Godfrey, Michael W},
  booktitle={2012 16th European Conference on Software Maintenance and Reengineering (CSMR)},
  pages={149--158},
  year={2012},
  organization={IEEE}
}
@article{bissyandegot,
  title={Got Issues? Who Cares About It? An Investigation of Issue Trackers of 10 5 Projects},
  author={Bissyand{\'e}, Tegawend{\'e} F and Lo, David and Jiang, Lingxiao and R{\'e}veillere, Laurent and Klein, Jacques and Le Traon, Yves},
  publisher={Citeseer}
}

@inproceedings{gopi:2017,
 author = {Rajbahadur, Gopi Krishnan and Wang, Shaowei and Kamei, Yasutaka and Hassan, Ahmed E.},
 title = {The Impact of Using Regression Models to Build Defect Classifiers},
 booktitle = {Proc. of the Int'l Conf. on Mining Software Repositories},
 year = {2017},
 pages = {135--145},
 numpages = {11}
 }


@inproceedings{Ortu:2015,
 author = {Ortu, Marco and Adams, Bram and Destefanis, Giuseppe and Tourani, Parastou and Marchesi, Michele and Tonelli, Roberto},
 title = {Are Bullies More Productive?: Empirical Study of Affectiveness vs. Issue Fixing Time},
 booktitle = {Proc. of the Working Conf. on Mining Software Repositories},
 year = {2015},
 pages = {303--313},
 numpages = {11}
}
@inproceedings{Zhong:2015,
 author = {Zhong, Hao and Su, Zhendong},
 title = {An Empirical Study on Real Bug Fixes},
 booktitle = {Proc. of the Int'l Conf. on Software Engineering},
 year = {2015},
 isbn = {978-1-4799-1934-5},
 pages = {913--923},
 numpages = {11}
}

@inproceedings{Soto:2016,
 author = {Soto, Mauricio and Thung, Ferdian and Wong, Chu-Pan and Le Goues, Claire and Lo, David},
 title = {A Deeper Look into Bug Fixes: Patterns, Replacements, Deletions, and Additions},
 booktitle = {Proc. of the Int'l Conf. on Mining Software Repositories},
 year = {2016},
 isbn = {978-1-4503-4186-8},
 location = {Austin, Texas},
 pages = {512--515},
 numpages = {4}
}

@inproceedings{Zhou:2012,
 author = {Zhou, Jian and Zhang, Hongyu and Lo, David},
 title = {Where Should the Bugs Be Fixed? - More Accurate Information Retrieval-based Bug Localization Based on Bug Reports},
 booktitle = {Proceedings of the 34th International Conference on Software Engineering},
 year = {2012},
 location = {Zurich, Switzerland},
 pages = {14--24},
 numpages = {11}
}

@inproceedings{Saha:2013,
 author = {Saha, Ripon K. and Lease, Matthew and Khurshid, Sarfraz and Perry, Dewayne E.},
 title = {Improving Bug Localization Using Structured Information Retrieval},
 booktitle = {Proc. of the IEEE/ACM Int'l Conf. on Automated Software Engineering},
 year = {2013},
 pages = {345--355},
 numpages = {11}
}

@article{WangL16,
  author    = {Shaowei Wang and
               David Lo},
  title     = {AmaLgam+: Composing Rich Information Sources for Accurate Bug Localization},
  journal   = {Journal of Software: Evolution and Process},
  volume    = {28},
  number    = {10},
  pages     = {921--942},
  year      = {2016}
}

@inproceedings{WangLL14,
  author    = {Shaowei Wang and
               David Lo and
               Julia Lawall},
  title     = {Compositional Vector Space Models for Improved Bug Localization},
  booktitle = {{IEEE} Int'l Conf. on Software Maintenance and Evolution},
  pages     = {171--180},
  year      = {2014}
}

@inproceedings{Lam:2015,
 author = {Lam, An Ngoc and Nguyen, Anh Tuan and Nguyen, Hoan Anh and Nguyen, Tien N.},
 title = {Combining Deep Learning with Information Retrieval to Localize Buggy Files for Bug Reports (N)},
 booktitle = {Proceedings of the 2015 30th IEEE/ACM International Conference on Automated Software Engineering},
 year = {2015},
 isbn = {978-1-5090-0025-8},
 pages = {476--481},
 numpages = {6}
}

@inproceedings{XiaoKMB17,
  author    = {Yan Xiao and
               Jacky Keung and
               Qing Mi and
               Kwabena Ebo Bennin},
  title     = {Improving Bug Localization with an Enhanced Convolutional Neural Network},
  booktitle = {24th Asia-Pacific Software Engineering Conference (APSEC)},
  pages     = {338--347},
  year      = {2017}
}

@article{XuanJHRZLW15,
  author    = {Jifeng Xuan and
               He Jiang and
               Yan Hu and
               Zhilei Ren and
               Weiqin Zou and
               Zhongxuan Luo and
               Xindong Wu},
  title     = {Towards Effective Bug Triage with Software Data Reduction Techniques},
  journal   = {IEEE transactions on knowledge and data engineering},
  volume    = {27},
  number    = {1},
  pages     = {264--280},
  year      = {2015}
}

@inproceedings{hu2014effective,
  title={Effective bug triage based on historical bug-fix information},
  author={Hu, Hao and Zhang, Hongyu and Xuan, Jifeng and Sun, Weigang},
  booktitle={2014 IEEE 25th International Symposium on Software Reliability Engineering (ISSRE)},
  pages={122--132},
  year={2014},
  organization={IEEE}
}

@inproceedings{goyal2017effective,
  title={Effective bug triage for non reproducible bugs},
  author={Goyal, Anjali},
  booktitle={Proceedings of the 39th International Conference on Software Engineering Companion},
  pages={487--488},
  year={2017},
  organization={IEEE Press}
}
@inproceedings{liu2016comparative,
  title={A comparative study of the effects of pull request on github projects},
  author={Liu, Jing and Li, Jiahao and He, Lulu},
  booktitle={Computer Software and Applications Conference (COMPSAC), 2016 IEEE 40th Annual},
  volume={1},
  pages={313--322},
  year={2016},
  organization={IEEE}
}

@article{coelho2018we,
  title={Why We Engage in FLOSS: Answers from Core Developers},
  author={Coelho, Jailton and Valente, Marco Tulio and Silva, Luciana L and Hora, Andr{\'e}},
  journal={arXiv preprint arXiv:1803.05741},
  year={2018}
}

@inproceedings{anvik2006should,
  title={Who should fix this bug?},
  author={Anvik, John and Hiew, Lyndon and Murphy, Gail C},
  booktitle={Proceedings of the 28th International Conference on Software Engineering (ICSE)},
  pages={361--370},
  year={2006},
  organization={ACM}
}

@article{bauer1972constructing,
  title={Constructing confidence sets using rank statistics},
  author={Bauer, David F},
  journal={Journal of the American Statistical Association},
  volume={67},
  number={339},
  pages={687--690},
  year={1972},
  publisher={Taylor \& Francis Group}
}


@inproceedings{Zimmermann:2007:PDE:1268984.1269057,
 author = {Zimmermann, Thomas and Premraj, Rahul and Zeller, Andreas},
 title = {Predicting Defects for Eclipse},
 booktitle = {Proceedings of the Third International Workshop on Predictor Models in Software Engineering},
 series = {PROMISE '07},
 year = {2007},
 pages = {9--}
}
@article{landis1977measurement,
  title={The measurement of observer agreement for categorical data},
  author={Landis, J Richard and Koch, Gary G},
  journal={Biometrics},
  pages={159--174},
  year={1977},
  publisher={JSTOR}
}
@article{kabinna2018examining,
  title={Examining the stability of logging statements},
  author={Kabinna, Suhas and Bezemer, Cor-Paul and Shang, Weiyi and Syer, Mark D and Hassan, Ahmed E},
  journal={Empirical Software Engineering},
  volume={23},
  number={1},
  pages={290--333},
  year={2018},
  publisher={Springer}
}


  @misc{appendix,
  author={Zhou, Jiayuan},
  title={Supplementary material for our paper},
  howpublished={\url{https://github.com/yiikou/Bountysource/appendix.pdf}},
  year={2018}
}